@online{apideck2025llmtool,
  author = {Apideck},
  title  = {An introduction to function calling and tool use},
  url    = {https://www.apideck.com/blog/llm-tool-use-and-function-calling}
}

@online{arisegtm2025mcp,
  author = {AriseGTM},
  title  = {How MCP and A2A Protocols Are Changing Enterprise GTM},
  url    = {https://arisegtm.com/blog/how-mcp-and-a2a-protocols-are-changing-enterprise-gtm}
}

@online{arsturn2025mcp,
  author = {Arsturn},
  title  = {Exploring the Integration of MCP Servers with External APIs and Services},
  url    = {https://www.arsturn.com/blog/exploring-the-integration-of-mcp-servers-with-external-apis-and-services}
}

@online{arxiv2025agentic,
  author = {arXiv},
  title  = {arxiv.org},
  url    = {https://arxiv.org/pdf/2506.01804}
}

@online{arxiv2025transformer,
  author = {arXiv},
  title  = {Transformer models: an introduction and catalog},
  url    = {https://arxiv.org/html/2302.07730v4}
}

@online{auxiliobits2025ethics,
  author = {Auxiliobits},
  title  = {Ethics of Autonomous AI Agents: Risks, Challenges, Tips},
  url    = {https://www.auxiliobits.com/the-ethics-of-autonomous-ai-agents-risks-challenges-and-tips/}
}

@online{aws2025transformers,
  author = {AWS},
  title  = {What are Transformers in Artificial Intelligence?},
  url    = {https://aws.amazon.com/what-is/transformers-in-artificial-intelligence/}
}

@online{balbix2025llm,
  author = {Balbix},
  title  = {Guide to Large Language Models (LLMs) Explained},
  url    = {https://www.balbix.com/insights/what-is-large-language-model-llm/}
}

@online{botpress2025guide,
  author = {Botpress},
  title  = {Complete Guide to LLM Agents (2025)},
  url    = {https://botpress.com/blog/llm-agents}
}

@online{byteplus2025a2a,
  author = {BytePlus},
  title  = {A2A Protocol System Architecture Diagrams Explained},
  url    = {https://www.byteplus.com/en/topic/551240}
}

@online{cloudx2025concepts,
  author = {CloudX},
  title  = {How do LLMs work? Key concepts of Generative AI},
  url    = {https://cloudx.com/blog/how-do-large-language-models-work-key-concepts-of-generative-ai-you-should-know}
}

@online{complereinfosystem2025integrate,
  author = {Complere Infosystem},
  title  = {Integrating Large Language Models with External Tools: A Practical Guide to API Function Calls},
  url    = {https://complereinfosystem.com/integrate-large-language-models-with-external-tools}
}

@online{databricks2025inference,
  author = {Databricks},
  title  = {LLM Inference Performance Engineering: Best Practices},
  url    = {https://www.databricks.com/blog/llm-inference-performance-engineering-best-practices}
}

@online{deepchecks2025parameters,
  author = {Deepchecks},
  title  = {What are LLM Parameters? Explained Simply},
  url    = {https://www.deepchecks.com/glossary/llm-parameters/}
}

@online{deepset2025mcp,
  author = {deepset},
  title  = {Understanding the Model Context Protocol (MCP)},
  url    = {https://www.deepset.ai/blog/understanding-the-model-context-protocol-mcp}
}

@online{dev2025mcp,
  author = {shrsv},
  title  = {My Notes on Model Context Protocol Architecture: A Developer's Dive},
  url    = {https://dev.to/shrsv/my-notes-on-model-context-protocol-architecture-a-developers-dive-j2}
}

@online{docker2025mcp,
  author = {docker},
  title  = {docker/mcp-servers: Model Context Protocol Servers},
  url    = {https://github.com/docker/mcp-servers}
}

@online{dtstechfitedu2025impact,
  author = {DTS Tech Fit EDU},
  title  = {A New Era in AI Agent Collaboration: The Impact of MCP and A2A on Software Interaction},
  url    = {https://www.dtstechfitedu.com/post/how-google-anthropic-just-changed-the-future-with-mcp-and-a2a}
}

@online{dynatrace2025agentic,
  author = {Dynatrace},
  title  = {The rise of agentic AI part 1: Understanding MCP, A2A, and the future of automation},
  url    = {https://www.dynatrace.com/news/blog/agentic-ai-how-mcp-and-ai-agents-drive-the-latest-automation-revolution/}
}

@online{geeksforgeeks2025transformers,
  author = {GeeksforGeeks},
  title  = {Transformers in Machine Learning},
  url    = {https://www.geeksforgeeks.org/getting-started-with-transformers/}
}

@online{getstream2025agent2agent,
  author = {GetStream},
  title  = {LLM Context Protocols: Agent2Agent vs. MCP},
  url    = {https://getstream.io/blog/agent2agent-vs-mcp/}
}

@online{github2025mcp,
  author = {Cyanheads},
  title  = {Model Context Protocol Resources},
  url    = {https://github.com/cyanheads/model-context-protocol-resources}
}

@online{google2025a2a,
  author = {Google},
  title  = {google-a2a/A2A: An open protocol enabling ...},
  url    = {https://github.com/google-a2a/A2A}
}

@online{google2025a2aserver,
  author = {Google},
  title  = {Interact with Server - Agent2Agent Protocol (A2A)},
  url    = {https://google.github.io/A2A/tutorials/python/6-interact-with-server/}
}

@online{google2025codelabs,
  author = {Google Codelabs},
  title  = {Getting Started with Agent-to-Agent (A2A) Protocol: A Purchasing Concierge and Remote Seller Agent Interactions with Gemini on Cloud Run},
  url    = {https://codelabs.developers.google.com/intro-a2a-purchasing-concierge}
}

@online{google2025llmintro,
  author = {Google Developers},
  title  = {Introduction to Large Language Models},
  url    = {https://developers.google.com/machine-learning/resources/intro-llms}
}

@online{googledevelopers2025a2a,
  author = {Google Developers},
  title  = {Announcing the Agent2Agent Protocol (A2A)},
  url    = {https://developers.googleblog.com/en/a2a-a-new-era-of-agent-interoperability/}
}

@online{hopsworks2025function,
  author = {Hopsworks},
  title  = {What is Function Calling with LLMs?},
  url    = {https://www.hopsworks.ai/dictionary/function-calling-with-llms}
}

@online{huggingface2025agents,
  author = {Hugging Face},
  title  = {Agents Documentation},
  url    = {https://huggingface.co/docs/transformers/agents}
}

@online{huggingface2025llmcourse,
  author = {Hugging Face},
  title  = {Natural Language Processing and Large Language Models - Hugging Face LLM Course},
  url    = {https://huggingface.co/learn/llm-course/chapter1/2}
}

@online{huggingface2025llms,
  author = {Hugging Face},
  title  = {What are LLMs? - Hugging Face Agents Course},
  url    = {https://huggingface.co/learn/agents-course/unit1/what-are-llms}
}

@online{huggingface2025transformerswork,
  author = {Hugging Face},
  title  = {How do Transformers work? - Hugging Face LLM Course},
  url    = {https://huggingface.co/learn/llm-course/chapter1/4}
}

@online{humanloop2025mcp,
  author = {Humanloop},
  title  = {Model Context Protocol (MCP) Explained},
  url    = {https://humanloop.com/blog/mcp}
}

@online{hyperight2025llms,
  author = {Hyperight},
  title  = {Large Language Models: How to Run LLMs on a Single GPU},
  url    = {https://hyperight.com/large-language-models-how-to-run-llms-on-a-single-gpu/}
}

@online{ibm2025mcp,
  author = {IBM},
  title  = {What is Model Context Protocol (MCP)?},
  url    = {https://www.ibm.com/think/topics/model-context-protocol}
}

@online{jlowin2025fastmcp,
  author = {jlowin},
  title  = {jlowin/fastmcp: The fast, Pythonic way to build MCP servers ...},
  url    = {https://github.com/jlowin/fastmcp}
}

@online{k2view2025llm,
  author = {K2view},
  title  = {What are LLM Agents? A Practical Guide},
  url    = {https://www.k2view.com/what-are-llm-agents/}
}

@online{langchain2025agents,
  author = {LangChain},
  title  = {LangChain Agents Documentation},
  url    = {https://python.langchain.com/api_reference/langchain/agents.html}
}

@online{martinfowler2025function,
  author = {Martin Fowler},
  title  = {Function calling using LLMs},
  url    = {https://martinfowler.com/articles/function-call-LLM.html}
}

@online{mbzuai2025llms,
  author = {MBZUAI},
  title  = {LLMs 101: Large language models explained},
  url    = {https://mbzuai.ac.ae/news/llms-101-large-language-models-explained/}
}

@online{mcp2025spec,
  author = {Model Context Protocol},
  title  = {Specification - Model Context Protocol},
  url    = {https://modelcontextprotocol.io/specification/2025-03-26}
}

@online{modelcontextprotocol2025architecture,
  author = {Model Context Protocol},
  title  = {Core architecture - Model Context Protocol},
  url    = {https://modelcontextprotocol.io/docs/concepts/architecture}
}

@online{modelcontextprotocol2025examples,
  author = {Model Context Protocol},
  title  = {Example Servers - Model Context Protocol},
  url    = {https://modelcontextprotocol.io/examples}
}

@online{montecarlodata2025mcp,
  author = {Monte Carlo Data},
  title  = {What Is Model Context Protocol (MCP)? A Quick Start Guide.},
  url    = {https://www.montecarlodata.com/blog-model-context-protocol-mcp}
}

@online{moveworks2025agentic,
  author = {MoveWorks},
  title  = {Agentic Frameworks: A Guide to the Systems Used to Build AI ...},
  url    = {https://www.moveworks.com/us/en/resources/blog/what-is-agentic-framework}
}

@online{n8n2025agents,
  author = {n8n Blog},
  title  = {Your Practical Guide to LLM Agents in 2025 (+ 5 Templates for Automation)},
  url    = {https://blog.n8n.io/llm-agents/}
}

@online{nebius2025mcp,
  author = {Nebius},
  title  = {Understanding the Model Context Protocol (MCP): Architecture},
  url    = {https://nebius.com/blog/posts/understanding-model-context-protocol-mcp-architecture}
}

@online{nvidia2025autonomous,
  author = {NVIDIA},
  title  = {An Easy Introduction to LLM Reasoning, AI Agents, and Test Time ...},
  url    = {https://developer.nvidia.com/blog/an-easy-introduction-to-llm-reasoning-ai-agents-and-test-time-scaling/}
}

@online{nvidia2025intro,
  author = {NVIDIA},
  title  = {Introduction to Large Language Models (LLMs)},
  url    = {https://resources.nvidia.com/en-us-dgx-h100-nemo/large-language-models-intro-blog}
}

@online{nvidia2025uses,
  author = {NVIDIA},
  title  = {What Are Large Language Models Used For?},
  url    = {https://blogs.nvidia.com/blog/what-are-large-language-models-used-for/}
}

@online{openai2025mcp,
  author = {OpenAI},
  title  = {Model context protocol (MCP) - OpenAI Agents SDK},
  url    = {https://openai.github.io/openai-agents-python/mcp/}
}

@online{opencv2025mcp,
  author = {OpenCV},
  title  = {A beginners Guide on Model Context Protocol (MCP)},
  url    = {https://opencv.org/blog/model-context-protocol/}
}

@online{origo2025protocol,
  author = {Origo},
  title  = {The Protocol LLM Agents Need to Finally Talk to Each Other},
  url    = {https://origo.prose.sh/agent-to-agent}
}

@online{philschmid2025mcp,
  author = {Phil Schmid},
  title  = {Model Context Protocol (MCP) an overview},
  url    = {https://www.philschmid.de/mcp-introduction}
}

@online{poloclub2025transformer,
  author = {Polo Club},
  title  = {Transformer Explainer: LLM Transformer Model Visually Explained},
  url    = {https://poloclub.github.io/transformer-explainer/}
}

@online{promptingguide2025function,
  author = {Prompting Guide},
  title  = {Function Calling with LLMs - Prompt Engineering Guide},
  url    = {https://www.promptingguide.ai/applications/function_calling}
}

@online{redhat2025mcp,
  author = {Red Hat},
  title  = {Model Context Protocol: Discover the missing link in AI integration},
  url    = {https://www.redhat.com/en/blog/model-context-protocol-discover-missing-link-ai-integration}
}

@online{samsolutions2025mcp,
  author = {SaM Solutions},
  title  = {Model Context Protocol (MCP): Meaning, Examples},
  url    = {https://sam-solutions.com/blog/model-context-protocol/}
}

@online{scrapfly2025guide,
  author = {Scrapfly},
  title  = {Guide to Understanding and Developing LLM Agents},
  url    = {https://scrapfly.io/blog/practical-guide-to-llm-agents/}
}

@online{seangoedecke2025how,
  author = {Sean goedecke},
  title  = {How I use LLMs as a staff engineer},
  url    = {https://www.seangoedecke.com/how-i-use-llms/}
}

@online{softwareag2025llmtool,
  author = {Software AG},
  title  = {LLM Tool Usage \& API Integration},
  url    = {https://www.softwareag.com/en_corporate/blog/llm-tool-usage.html}
}

@online{superannotate2025agents,
  author = {SuperAnnotate},
  title  = {LLM agents: The ultimate guide 2025},
  url    = {https://www.superannotate.com/blog/llm-agents}
}

@online{symflower2025dev,
  author = {Symflower},
  title  = {An introduction to LLM agents for software development},
  url    = {https://symflower.com/en/company/blog/2025/using-llm-agents-for-software-development/}
}

@online{tredence2025agents,
  author = {Tredence},
  title  = {What is an LLM agent? - Examples, benefits (+ tools)},
  url    = {https://www.tredence.com/blog/llm-agents}
}

@online{wikipedia2025mcp,
  author = {Wikipedia},
  title  = {Model Context Protocol},
  url    = {https://en.wikipedia.org/wiki/Model_Context_Protocol}
}

@online{zapier2025a2a,
  author = {Zapier},
  title  = {What is the A2A protocol?},
  url    = {https://zapier.com/blog/a2a-protocol/}
}

@online{zencoder2025mcp,
  author = {Zencoder},
  title  = {Model Context Protocol (MCP) - Everything You Need to Know},
  url    = {https://zencoder.ai/blog/model-context-protocol}
}